<record><leader>00000cas a22000007a 4500</leader><controlfield tag="001">10478848</controlfield><controlfield tag="008">840302d18761880meuwr ne      0    0eng d</controlfield><controlfield tag="009">3768</controlfield><datafield ind1=" " ind2=" " tag="010"><subfield code="a">sn 84022566 </subfield></datafield><datafield ind1=" " ind2=" " tag="040"><subfield code="a">NPX</subfield><subfield code="b">eng</subfield><subfield code="c">NPX</subfield><subfield code="d">MBN</subfield></datafield><datafield ind1=" " ind2=" " tag="042"><subfield code="a">msc</subfield></datafield><datafield ind1=" " ind2=" " tag="043"><subfield code="a">n-us-me</subfield></datafield><datafield ind1="0" ind2="0" tag="245"><subfield code="a">Springvale reporter.</subfield></datafield><datafield ind1=" " ind2=" " tag="260"><subfield code="a">Springvale, Me. :</subfield><subfield code="b">H. Carlton Cheever,</subfield></datafield><datafield ind1=" " ind2=" " tag="300"><subfield code="a">v.</subfield></datafield><datafield ind1=" " ind2=" " tag="310"><subfield code="a">Weekly</subfield></datafield><datafield ind1="0" ind2=" " tag="362"><subfield code="a">Vol. 1, no. 1 (Jan. 1, 1876)-</subfield></datafield><datafield ind1="1" ind2=" " tag="362"><subfield code="a">Ceased with May 15, 1880 issue.</subfield><subfield code="z">Cf. Emery, E.  Hist. of Sanford, Me.</subfield></datafield><datafield ind1=" " ind2=" " tag="500"><subfield code="a">Editor: H.C. Cheever.</subfield></datafield><datafield ind1=" " ind2=" " tag="500"><subfield code="a">Proprietors: Cheever &amp; Noyes, 1879-1880.</subfield></datafield><datafield ind1=" " ind2=" " tag="500"><subfield code="a">First newspaper in Sanford. Cf. Emery, E.  Hist. of Sanford, Me.</subfield></datafield><datafield ind1="1" ind2=" " tag="700"><subfield code="a">Cheever, H. Carlton.</subfield></datafield><datafield ind1=" " ind2=" " tag="752"><subfield code="a">United States</subfield><subfield code="b">Maine</subfield><subfield code="c">York</subfield><subfield code="d">Sanford.</subfield></datafield><datafield ind1=" " ind2=" " tag="752"><subfield code="a">United States</subfield><subfield code="b">Maine</subfield><subfield code="c">York</subfield><subfield code="d">Springvale.</subfield></datafield><datafield ind1="0" ind2="0" tag="785"><subfield code="t">York County advocate</subfield></datafield></record>